<?xml version="1.0" encoding="UTF-8"?><collection xmlns="http://www.loc.gov/MARC21/slim"><record><leader>00624nam--2200205-u-4500</leader><controlfield tag="001">000053369</controlfield><controlfield tag="002">20161230</controlfield><controlfield tag="005">20170113133659</controlfield><controlfield tag="008">110316s1000------------r-----000-0-rum-d</controlfield><datafield ind1=" " ind2=" " tag="020"><subfield code="a">9789731334059</subfield></datafield><datafield ind1=" " ind2=" " tag="040"><subfield code="a">IFIN-HH</subfield></datafield><datafield ind1=" " ind2=" " tag="041"><subfield code="a">rum</subfield></datafield><datafield ind1=" " ind2=" " tag="080"><subfield code="a">530.1:140.8(063)</subfield></datafield><datafield ind1="1" ind2=" " tag="100"><subfield code="a">Frangopol, Petre T</subfield></datafield><datafield ind1="1" ind2="0" tag="245"><subfield code="a">Workshop pentru excelenta in stiinta romaneasca</subfield><subfield code="b">Bucuresti, 26 martie 2008</subfield><subfield code="c">Petre T.Ffrangopol, Nicolar Victor Zamfir, Tibor Braun (eds.)</subfield></datafield><datafield ind1=" " ind2=" " tag="260"><subfield code="a">Cluj-Napoca</subfield><subfield code="b">Casa Cartii De Stiinta</subfield><subfield code="c">2008</subfield></datafield><datafield ind1=" " ind2=" " tag="300"><subfield code="a">289P</subfield></datafield><datafield ind1="1" ind2=" " tag="700"><subfield code="a">Braun, Tibor</subfield><subfield code="e">Ed</subfield></datafield><datafield ind1=" " ind2=" " tag="852"><subfield code="a">82240</subfield><subfield code="c">53.01</subfield></datafield><datafield ind1=" " ind2=" " tag="CAT"><subfield code="a">SYS</subfield><subfield code="c">20170113</subfield><subfield code="h">133659</subfield></datafield></record></collection>